<record><leader>00000cas a22000007a 4500</leader><controlfield tag="001">1756148</controlfield><controlfield tag="008">751101c18839999mnuwr ne      0    0eng d</controlfield><datafield ind1=" " ind2=" " tag="010"><subfield code="a">sn 91059131 </subfield></datafield><datafield ind1=" " ind2=" " tag="040"><subfield code="a">MUL</subfield><subfield code="b">eng</subfield><subfield code="c">MUL</subfield><subfield code="d">NPX</subfield><subfield code="d">MN#</subfield><subfield code="d">OCLCQ</subfield><subfield code="d">OCLCF</subfield><subfield code="d">OCLCO</subfield><subfield code="d">GRR</subfield><subfield code="d">OCLCO</subfield><subfield code="d">OCL</subfield></datafield><datafield ind1=" " ind2=" " tag="042"><subfield code="a">msc</subfield></datafield><datafield ind1=" " ind2=" " tag="043"><subfield code="a">n-us-mn</subfield></datafield><datafield ind1=" " ind2=" " tag="052"><subfield code="a">4144</subfield><subfield code="b">L8</subfield></datafield><datafield ind1=" " ind2=" " tag="052"><subfield code="a">4143</subfield><subfield code="b">T6</subfield></datafield><datafield ind1="0" ind2="4" tag="245"><subfield code="a">The Long Prairie leader.</subfield></datafield><datafield ind1=" " ind2=" " tag="260"><subfield code="a">Long Prairie, Todd County, Minn. :</subfield><subfield code="b">Frank B. Simmons</subfield></datafield><datafield ind1=" " ind2=" " tag="300"><subfield code="a">v.</subfield></datafield><datafield ind1=" " ind2=" " tag="310"><subfield code="a">Weekly,</subfield><subfield code="b">Nov. 19, 1909-</subfield></datafield><datafield ind1=" " ind2=" " tag="321"><subfield code="a">Weekly,</subfield><subfield code="b">&lt;May 6, 1891&gt;-Feb. 14, 1907</subfield></datafield><datafield ind1=" " ind2=" " tag="321"><subfield code="a">Semiweeky,</subfield><subfield code="b">Feb. 19, 1907-Nov. 12, 1909</subfield></datafield><datafield ind1="1" ind2=" " tag="362"><subfield code="a">Began in Nov. 1883.</subfield></datafield><datafield ind1=" " ind2=" " tag="530"><subfield code="a">Available on microfilm from the Minnesota Historical Society.</subfield></datafield><datafield ind1=" " ind2=" " tag="588"><subfield code="a">Description based on: Vol. 8, no. 27 (May 6, 1891).</subfield></datafield><datafield ind1=" " ind2="0" tag="651"><subfield code="a">Long Prairie (Minn.)</subfield><subfield code="v">Newspapers.</subfield></datafield><datafield ind1=" " ind2="7" tag="651"><subfield code="a">Minnesota</subfield><subfield code="z">Long Prairie.</subfield><subfield code="2">fast</subfield><subfield code="0">(OCoLC)fst01227773</subfield></datafield><datafield ind1=" " ind2="7" tag="655"><subfield code="a">Periodicals.</subfield><subfield code="2">fast</subfield><subfield code="0">(OCoLC)fst01411641</subfield></datafield><datafield ind1=" " ind2="7" tag="655"><subfield code="a">Newspapers.</subfield><subfield code="2">fast</subfield><subfield code="0">(OCoLC)fst01423814</subfield></datafield><datafield ind1=" " ind2="7" tag="655"><subfield code="a">Periodicals.</subfield><subfield code="2">lcgft</subfield></datafield><datafield ind1=" " ind2=" " tag="752"><subfield code="a">United States</subfield><subfield code="b">Minnesota</subfield><subfield code="c">Todd</subfield><subfield code="d">Long Prairie.</subfield></datafield><datafield ind1="0" ind2="5" tag="780"><subfield code="t">Todd County Argus</subfield><subfield code="g">1917</subfield><subfield code="w">(DLC)sn 85025511</subfield></datafield><datafield ind1="1" ind2=" " tag="029"><subfield code="a">AU@</subfield><subfield code="b">000025887323</subfield></datafield></record>